@article{kulesza2012determinantal,
  title={Determinantal point processes for machine learning},
  author={Kulesza, Alex and Taskar, Ben and others},
  journal={Foundations and Trends{\textregistered} in Machine Learning},
  volume={5},
  number={2--3},
  pages={123--286},
  year={2012},
  publisher={Now Publishers, Inc.}
}

@article{urschel2017learning,
  title={Learning determinantal point processes with moments and cycles},
  author={Urschel, John and Brunel, Victor-Emmanuel and Moitra, Ankur and Rigollet, Philippe},
  journal={arXiv preprint arXiv:1703.00539},
  year={2017}
}

@article{rising2015efficient,
  title={An efficient algorithm for the symmetric principal minor assignment problem},
  author={Rising, Justin and Kulesza, Alex and Taskar, Ben},
  journal={Linear Algebra and its Applications},
  volume={473},
  pages={126--144},
  year={2015},
  publisher={Elsevier}
}

@article{griffin2006principal,
  title={Principal minors, Part II: The principal minor assignment problem},
  author={Griffin, Kent and Tsatsomeros, Michael J},
  journal={Linear Algebra and its applications},
  volume={419},
  number={1},
  pages={125--171},
  year={2006},
  publisher={Elsevier}
}

@article{borodin2009determinantal,
  title={Determinantal point processes},
  author={Borodin, Alexei},
  journal={arXiv preprint arXiv:0911.1153},
  year={2009}
}

@book{boyd2004convex,
  title={Convex optimization},
  author={Boyd, Stephen and Vandenberghe, Lieven},
  year={2004},
  publisher={Cambridge university press}
}
  
@article{benard1973detection,
  title={Detection and``emission''processes of quantum particles in a``chaotic state''},
  author={Benard, Christine and Macchi, Odile},
  journal={Journal of Mathematical Physics},
  volume={14},
  number={2},
  pages={155--167},
  year={1973},
  publisher={AIP}
}
  
@article{samuel1959some,
  title={Some studies in machine learning using the game of checkers},
  author={Samuel, Arthur L},
  journal={IBM Journal of research and development},
  volume={3},
  number={3},
  pages={210--229},
  year={1959},
  publisher={IBM}
}

@inproceedings{affandi2014learning,
  title={Learning the parameters of determinantal point process kernels},
  author={Affandi, Raja Hafiz and Fox, Emily and Adams, Ryan and Taskar, Ben},
  booktitle={International Conference on Machine Learning},
  pages={1224--1232},
  year={2014}
}

@article{higham1990exploiting,
  title={Exploiting fast matrix multiplication within the level 3 BLAS},
  author={Higham, Nicholas J},
  journal={ACM Transactions on Mathematical Software (TOMS)},
  volume={16},
  number={4},
  pages={352--368},
  year={1990},
  publisher={ACM}
}

@incollection{magen2008near,
  title={Near optimal dimensionality reductions that preserve volumes},
  author={Magen, Avner and Zouzias, Anastasios},
  booktitle={Approximation, Randomization and Combinatorial Optimization. Algorithms and Techniques},
  pages={523--534},
  year={2008},
  publisher={Springer}
}

@book{rice2006mathematical,
  title={Mathematical statistics and data analysis},
  author={Rice, John},
  year={2006},
  publisher={Nelson Education}
}

@article{10.2307/1967604,
 ISSN = {0003486X},
 URL = {http://www.jstor.org/stable/1967604},
 author = {Oswald Veblen},
 journal = {Annals of Mathematics},
 number = {1/4},
 pages = {86--94},
 publisher = {Annals of Mathematics},
 title = {An Application of Modular Equations in Analysis Situs},
 volume = {14},
 year = {1912}
}

@book{bondy2011graph,
  title={Graph Theory},
  author={Bondy, A. and Murty, U.S.R.},
  isbn={9781846289699},
  lccn={2007923502},
  series={Graduate Texts in Mathematics},
  url={https://books.google.co.uk/books?id=HuDFMwZOwcsC},
  year={2011},
  publisher={Springer London}
}
